2854 3548
280 211 453 261 deliis.
476 210 686 261 aciabu
711 224 826 261 utun
853 223 948 257 ene
974 223 1065 256 eu
1090 209 1351 257 muns
1378 206 1636 253 docueritin
1665 208 1943 270 praefatione,
1982 209 2258 256 fiuersitatem
2298 224 2402 271 qnae
2428 218 2491 256 est

280 292 393 338 inter
412 274 637 340 ‚Fauonio
661 291 890 352 scripturus
916 286 1525 334 etet-ellanianotoritatem
1552 287 1659 331 haud
1686 302 1783 332 raro
1812 288 1908 332 inde
1935 288 2216 350 explicandum
2246 304 2340 334 esse
2367 298 2482 351 pute,

281 371 388 431 quod
413 372 523 419 alius
551 370 940 420 cdndanoodieis
968 368 1162 414 Πειθώ
1180 366 1376 413 Fuldensi
1403 366 1568 412 obtrusa
1596 374 1672 413 est.
1709 367 1826 419 Quae
1843 368 2063 429 explicatio
2081 383 2136 413 eo
2157 370 2384 430 procliuior
2410 378 2489 426 est,

280 451 397 510 quod
417 451 469 499 ud
497 450 596 497 talia
623 454 782 497 mm.
802 448 981 508 pertinet
998 462 1110 506 ‚qnae
1135 453 1178 492 et
1204 448 1248 492 in
1276 447 1443 492 alterius
1470 448 1649 493 familiae
1677 446 1883 492 codicibus
1908 447 2113 507 leguntur.
2156 448 2215 494 41
2236 450 2369 509 priori
2385 452 2428 495 F
2453 452 2491 494 ei

281 531 317 578 G
334 528 537 591 ”pudori
562 541 697 585 epm.
727 544 755 586 y
784 525 869 573 176
898 527 1013 572 uerbi
1039 528 1084 573 F
1105 527 1271 574 uerbum
1297 526 1333 573 C
1350 526 1432 573 185
1460 529 1725 588 permanetF
1748 532 1928 572 mmet
1949 526 1984 572 G
2004 525 2088 572 188
2108 528 2280 588 corripit
2298 528 2343 573 F
2358 532 2491 574 corri-

282 611 371 671 puit
389 609 425 655 G
449 608 543 654 204
566 623 641 668 per
668 608 1011 666 conparationem
1030 608 1074 652 F
1096 623 1171 667 per
1199 610 1564 667 compensationem
1587 609 1623 653 G
1646 624 1673 651 a
1694 607 2021 665 compensatione
2041 622 2154 651 corr.
2179 624 2207 663 y
2232 608 2321 652 384
2349 610 2488 652 leuant

281 691 326 734 F
347 690 490 734 inunt
518 689 553 733 C
572 686 659 731 385
686 686 963 746 intelligamus
992 686 1037 731 F
1058 687 1332 747 intellegimus
1361 689 1396 732 G
1419 688 1506 731 394
1533 689 1728 749 Agathou
1759 689 1803 730 F
1823 692 1973 745 agate-
2005 688 2039 730 C
2067 685 2153 728 563
2181 687 2262 729 hoc
2289 696 2351 730 est
2376 691 2490 747 qnid-

282 769 375 813 dam
401 773 534 814 induo
562 766 808 812 formidabat
835 767 992 810 uicinos
1019 768 1064 811 F
1085 766 1165 810 bec
1204 772 1269 810 est
1307 767 1465 826 quidam
1504 773 1545 811 et
1583 767 1664 812 due
1692 766 1887 811 formidat
1915 767 2074 809 uicinos
2104 765 2192 810 563
2232 768 2423 827 reliquam
2453 772 2495 815 F

283 846 456 907 reliquid
485 846 521 891 G
544 845 633 890 649
658 845 900 891 Nescientes
928 846 972 890 F
996 846 1242 890 onesicritus
1272 845 1318 891 C.

436 924 569 977 'Quas
598 939 683 970 non
711 923 934 970 memoraui
962 924 1200 986 scripturas,
1231 938 1303 970 eas
1331 923 1541 971 sciendum
1573 930 1637 970 est
1664 930 1738 969 aut
1767 922 1936 968 easdem
1969 938 2063 977 esse
2091 925 2135 969 in
2156 931 2326 984 utreque
2348 927 2491 971 codice

282 1011 355 1050 aut
382 1018 407 1049 e
431 1005 654 1050 Burmanni
681 1004 876 1066 adparatu
904 1009 970 1048 sat
990 1009 1104 1048 certo
1126 1005 1214 1048 erui
1236 1018 1320 1049 non
1338 1006 1537 1066 potuisse,
1560 1003 1656 1064 quid
1682 1003 1940 1048 Fuldensem
1963 1004 2118 1048 habere
2131 1005 2288 1049 Daniel
2310 1006 2490 1051 dixerit:

282 1084 327 1129 id
358 1083 465 1145 quod
493 1085 536 1128 in
565 1097 741 1145 graecas
769 1083 1023 1145 potissimum
1054 1082 1165 1127 cadit
1192 1097 1327 1128 uoces.
1357 1106 1415 1114 -
1441 1083 1635 1128 Danielis
1667 1084 1798 1143 igitur
1829 1083 2079 1128 Fuldensem
2108 1083 2282 1128 eundem
2313 1098 2409 1130 esse
2441 1100 2489 1130 ac

283 1162 571 1212 Cassellanum
610 1162 913 1209 demonstrasse
953 1161 1112 1219 uideor,
1154 1174 1241 1207 cum
1279 1162 1488 1220 utriusque
1516 1160 1826 1208 similitudinem
1867 1162 2172 1223 explicam-im,
2206 1165 2487 1211 excusauerim

249 1236 254 1240 ⁴
284 1242 673 1290 dissimilitudinem.
724 1240 862 1298 ‚Cuius
904 1240 1190 1301 disputationis
1226 1241 1557 1302 probabilitatem
1586 1240 1836 1300 facilequis
1867 1240 1977 1287 dicat
2006 1255 2057 1287 eo
2089 1241 2347 1300 labefactari,
2379 1244 2488 1303 quod

285 1320 534 1368 Fnldensem
568 1320 795 1367 nominauit
831 1319 986 1366 Daniel
1024 1321 1146 1366 etiam
1197 1320 1240 1366 in
1287 1319 1341 1365 iis
1387 1326 1705 1366 commentorum
1745 1320 1951 1380 partibus,
2002 1336 2105 1379 qnae
2149 1321 2192 1367 in
2234 1321 2482 1368 Caesellano

282 1400 444 1447 desunt.
500 1398 586 1446 Sed
625 1399 861 1447 Cassellani
891 1400 1142 1446 membranas
1172 1399 1298 1445 bodie
1326 1398 1581 1445 desideratas
1620 1406 1717 1459 post
1744 1399 1861 1444 Petri
1889 1399 2082 1445 Danielis
2113 1399 2270 1446 demum
2300 1409 2479 1447 aetatem

286 1480 522 1541 deperditas
552 1494 646 1524 esse
676 1479 797 1524 facile
826 1487 890 1525 est
918 1479 971 1524 ad
999 1478 1315 1524 concedendum.
1367 1478 1478 1529 Quas
1503 1478 1744 1523 inueniendi
1776 1494 1888 1539 spem
1917 1486 2073 1524 tantum
2094 1481 2211 1524 abest
2244 1488 2287 1525 ut
2315 1483 2484 1527 abiciam

284 1568 328 1604 ut
357 1574 429 1603 eas
458 1558 664 1603 contineri
693 1572 856 1618 sperem
886 1558 1026 1622 codice
1046 1556 1279 1617 Reginensi
1312 1556 1440 1613 1674,
1471 1571 1585 1616 quem
1612 1563 1655 1601 et
1675 1558 2021 1603 membranaceum
2052 1574 2161 1615 esse,
2190 1559 2350 1604 formae
2385 1576 2481 1619 qna-

289 1639 446 1694 dratae,
477 1639 641 1683 saeculo
674 1637 828 1683 decimo
858 1638 1048 1698 scriptum
1079 1645 1121 1682 et
1140 1637 1259 1683 Petri
1281 1637 1468 1682 Danielis
1489 1636 1804 1682 Aurelianensis
1834 1637 1930 1683 olim
1953 1638 2084 1683 fuisse
2114 1639 2253 1684 docuit
2282 1640 2484 1685 Henricus

283 1706 517 1765 Keilius'in
541 1719 713 1762 Diurnis
744 1719 987 1775 antiquariis
1019 1717 1132 1762 1848
1164 1734 1203 1777 p.
1232 1717 1330 1761 549.

453 1799 684 1842 Ber-nensis
715 1798 786 1851 (B)
818 1798 1118 1842 Continentur:
1149 1798 1219 1841 fol.
1252 1797 1420 1841 1-138
1441 1796 1579 1839 Seruii
1595 1796 1899 1853 Bucolicorum,
1921 1797 2236 1858 Georgicorum,
2264 1801 2482 1845 Aeneidos

287 1878 482 1921 librorum
513 1892 591 1921 sex
611 1878 788 1936 priorum
821 1884 862 1919 et
884 1878 1046 1936 septimi
1078 1892 1114 1920 u.
1146 1875 1286 1920 1—16
1316 1883 1554 1920 commenta.
1616 1876 1768 1931 Incipit
1797 1881 2003 1933 expositio
2042 1878 2182 1935 Serqii
2211 1885 2484 1935 yrammatici

283 1961 328 2000 in
358 1959 574 2000 bucolicon
603 1964 641 1999 et
677 1959 724 1998 in
753 1958 881 1999 libros
922 1958 1147 2011 qeorqioon
1185 1964 1310 2012 atque
1347 1958 1596 1998 aeneadum.
1637 1957 1824 1999 bocolica
1858 1964 1905 1999 ut
1933 1959 2016 2012 fert
2047 1960 2144 2001 inde
2184 1961 2295 2000 dicta
2325 1968 2424 2002 sunt
2454 1973 2480 2001 a

284 2038 475 2078 custodia
505 2036 631 2078 boum
659 2058 714 2065 —
744 2041 896 2090 arquto
920 2036 1084 2089 pectine
1111 2036 1291 2078 stridulo
1321 2036 1494 2078 sonanti
1516 2046 1775 2089 percurrens
1799 2038 1925 2078 telam
1952 2048 2089 2079 manu
2113 2049 2374 2091 percurrens
2406 2048 2481 2081 aut

283 2115 398 2168 quod
413 2114 531 2168 apud
559 2115 743 2155 maiores
771 2119 930 2156 stanoes
951 2113 1155 2156 tentabant
1181 2119 1229 2155 ut
1258 2114 1380 2156 hodie
1410 2114 1611 2156 linteones
1640 2115 1831 2156 uidemus
1861 2121 1922 2156 est
1951 2121 2092 2157 autem
2131 2117 2292 2159 homeri
2322 2120 2395 2172 qui
2425 2121 2483 2160 ait

287 2192 341 2235 IC
353 2191 905 2234 TONIIHYXOMCNH
929 2193 1056 2246 qentis
1084 2193 1256 2246 iraeque
1289 2192 1594 2232 kNAYAYN.
1627 2193 1767 2245 yemiti
1793 2194 2050 2234 irascentum
2081 2194 2249 2236 leonum
2277 2207 2376 2237 sera
2406 2199 2484 2238 sub

284 2277 404 2315 nocte
432 2262 484 2327 ᾧ·
512 2283 573 2314 eo.
605 2269 665 2312 fol
698 2268 780 2312 138
808 2270 1011 2313 Alcuinus
1044 2271 1093 2312 de
1117 2272 1326 2313 rhetorica
1355 2271 1591 2313 cassiodori
1619 2262 1651 2314 c*
1671 2272 1855 2313 consulis
1886 2272 2006 2314 chirii
2026 2274 2315 2328 fortunatiani
2338 2275 2484 2330 incipit

284 2364 358 2395 ars
387 2351 626 2394 rhethorica
637 2349 678 2402 ⁸²)
721 2347 795 2391 sol.
837 2347 920 2391 149
958 2348 1219 2404 Auqustinas
1248 2351 1297 2392 de
1327 2350 1540 2393 dialectica
1569 2356 1607 2393 et
1635 2351 1684 2392 de
1715 2351 1924 2393 rhetorica
1954 2350 2028 2393 sol.
2062 2349 2144 2393 161
2177 2353 2200 2394 b
2231 2354 2377 2407 incipit
2407 2367 2481 2397 ars

285 2430 494 2473 rhetorica
521 2429 702 2470 clodioni
730 2429 780 2470 de
807 2428 993 2470 statibus.
1025 2427 1097 2469 fol.
1120 2426 1202 2469 163
1221 2430 1312 2470 uita
1330 2429 1498 2471 horatii.
1521 2433 1741 2485 sequuntur
1770 2427 1938 2470 Horatii
1969 2429 2152 2471 carmina
2180 2454 2241 2462 -
2266 2438 2332 2474 sat
2363 2431 2404 2486 1,
2437 2432 2481 2485 3,

287 2506 372 2550 134
402 2506 566 2550 Laroni
592 2508 716 2560 paeri
744 2519 848 2559 quos
879 2512 926 2549 tu
953 2507 1038 2549 nisi
1056 2508 1165 2561 fuste
1183 2519 1347 2549 coerces
1370 2506 1422 2548 cf.
1445 2505 1655 2549 Kirchner
1685 2521 1778 2550 nou.
1811 2514 1966 2563 quaest.
2017 2507 2167 2551 Horat.
2199 2524 2295 2568 pag.
2327 2510 2369 2552 9.
2408 2512 2481 2553 sol.

287 2586 381 2631 183.
412 2585 813 2640 Metamorphoseon
842 2583 882 2628 .Ι.
912 2586 1013 2628 liber
1035 2597 1080 2639 p.
1110 2586 1250 2628 ouidii.
1310 2583 1367 2628 In
1404 2597 1522 2628 noua
1549 2586 1633 2641 fert
1663 2610 1722 2617 -
1748 2587 1994 2641 patriosque
2023 2588 2115 2630 adit
2143 2589 2321 2644 impiqer
2350 2598 2485 2633 ortus.

287 2664 521 2725 Sequuntur
551 2663 777 2707 fabularum
808 2664 849 2707 iu
881 2662 1059 2707 secundo
1092 2662 1196 2706 libro
1228 2670 1479 2707 narratarum
1513 2661 1640 2707 index
1680 2671 1722 2708 et
1758 2664 1855 2708 libri
1895 2665 2009 2709 tertii
2041 2681 2184 2710 uersus
2223 2666 2376 2713 1—56.
2408 2670 2482 2713 fol.

289 2746 409 2790 1841»
468 2744 687 2800 Incipiunt
715 2745 811 2788 libri
837 2745 1006 2787 historie
1035 2746 1166 2799 qentis
1196 2745 1322 2787 aediti
1351 2757 1380 2787 a
1409 2745 1512 2787 beda
1535 2746 1780 2800 presbytero
1810 2759 1990 2789 numero
2012 2745 2050 2790 V
2082 2748 2181 2789 libri
2210 2750 2354 2804 incipit
2379 2763 2485 2805 pro-

284 2830 403 2883 loyus
434 2850 490 2857 -
529 2825 577 2867 Iu
618 2825 813 2867 extremis
844 2823 958 2866 foliis
999 2824 1180 2866 carmina
1208 2830 1371 2866 exstant
1411 2825 1515 2866 uarii
1553 2826 1805 2882 argumenti:
1843 2829 2060 2882 praefatio
2095 2826 2306 2871 Prisciani
2335 2842 2481 2884 qram-

341 3022 367 3063 ·)
405 3024 456 3053 nx
480 3024 545 3052 hac
569 3021 707 3052 Aicuini
732 3020 846 3058 operis
870 3020 1094 3057 inscriptione
1107 3027 1206 3056 qnam
1221 3019 1309 3050 falso
1323 3020 1563 3051 Seruianorum
1576 3025 1838 3052 commentorum
1851 3022 2138 3059 subscriptionem
2152 3023 2278 3062 habuit,
2294 3026 2481 3054 Muellerus

401 3080 435 3109 iu
460 3078 630 3109 analectis
657 3078 887 3109 Beruensibus
912 3077 1044 3108 efficere
1058 3072 1174 3118 ualuis,
1197 3076 1374 3108 Alcuinum
1398 3080 1458 3108 aut
1481 3076 1669 3114 scripsisse
1693 3082 1750 3108 aut
1777 3079 1979 3115 possedisse
2005 3084 2095 3109 certe
2109 3079 2189 3110 olim
2200 3082 2291 3111 hunc
2316 3081 2485 3111 codicem.
