2854 3548
315 224 406 270 iu·
428 223 571 270 dus·
610 223 822 283 dicuntur
880 221 989 267 mad
1019 221 1218 282 'pu-qd
1253 233 1343 265 cm
1372 213 1549 281 'longam
1588 222 1657 277 sit,
1699 218 1871 264 alterum
1900 224 2052 263 tantum
2081 221 2276 282 exemplis
2316 223 2512 283 probabo.

315 305 360 350 3·
386 305 460 362 sed
499 312 584 351 non
618 316 763 350 uersus
800 304 950 349 δαῖθ’.
987 300 1071 348 ΡΟ
1094 299 1181 345 146
1220 307 1263 346 et
1298 302 1408 345 seire
1445 302 1629 346 debemus
1659 325 1716 333 ——
1757 301 1994 344 subtentata
2023 303 2107 346 des.
2137 303 2167 345 i.
2198 302 2273 347 FC
2299 302 2384 347 198
2420 310 2515 346 ante

318 386 426 431 enim
463 411 520 420 —
569 383 860 446 piminii-u
895 392 1042 425 mus
1077 383 1160 426 des.
1199 383 1227 425 i.
1266 381 1341 426 FC
1372 385 1402 426 i.
1443 395 1527 438 my.
1567 383 1715 437 script.
1754 395 1783 438 γ
1815 379 1905 423 646
1943 380 1997 423 Et
2037 386 2145 424 stant
2178 387 2219 424 et
2257 383 2432 444 iuniperi
2473 392 2513 427 et

319 471 551 511 castaneae
573 465 757 507 hirsutae
788 464 872 507 des.
909 463 939 505 i.
982 460 1056 505 FC
1080 470 1180 517 sup-¹
1220 463 1292 505 liu.
1329 464 1463 519 serim
1514 477 1541 520 y
1575 460 1664 505 647
1701 475 1816 521 quam
1864 485 1924 493 —
1969 460 2222 505 manifestum
2261 468 2322 507 est
2362 465 2444 509 des.
2488 467 2512 509 i.

320 547 482 593 FG--2
519 544 643 590 Addo
671 543 896 605 scripturas
924 541 968 585 in
1001 541 1146 601 quibus
1174 539 1391 587 Fuldensis
1418 547 1460 588 et
1486 541 1745 589 Cassellanas
1773 555 1799 587 a
1827 541 2071 586 relicuorum
2100 541 2296 588 librorum
2325 546 2518 590 memoria

319 628 454 673 alieni
471 625 746 670 consentiunt.
803 622 835 666 4
872 621 993 664 duum
1024 621 1213 677 (duorum
1242 623 1318 666 rel.
1347 623 1461 681 libr.)
1503 623 1791 667 elementorum
1832 621 1938 666 mala
1976 636 2074 666 uno·
2095 636 2281 667 sermone
2319 625 2519 669 conclusit

318 706 574 767 (complexus
603 707 668 747 est
695 704 769 748 rel.
801 700 917 757 libr.)
961 699 996 743 4
1032 700 1168 760 posita
1193 706 1299 745 *sunt
1325 716 1400 746 nec
1427 701 1479 746 ad
1508 716 1646 746 eorum
1674 701 1861 762 exempla
1890 701 1969 746 alia
1998 700 2172 745 formata
2201 701 2274 747 FC
2299 702 2328 747 8
2359 703 2513 749 Curitis

323 786 398 831 FC
423 782 592 830 Curetis
620 794 735 826 corr.
765 792 789 824 c
816 779 874 824 23
903 780 966 822 bis
994 778 1100 822 idem
1128 779 1374 824 archaismos
1403 795 1499 825 sane
1527 781 1577 824 de
1604 781 1744 825 futuro
1775 780 1851 824 FC
1875 780 1918 824 id
1948 781 2092 823 timens
2121 794 2251 835 spscr.
2280 797 2306 838 γ
2333 782 2389 826 23
2420 799 2518 826 sane

318 874 416 909 tunc
442 863 494 907 ad
524 862 598 905 FC
624 859 709 904 159
735 864 896 917 portum
925 864 1088 916 putatur
1116 858 1378 918 descripsisse
1413 861 1493 904 FC
1519 860 1603 903 184
1640 875 1748 902 nunc
1790 860 2076 918 proconsulari
2105 859 2177 902 FC
2204 859 2292 902 230
2320 868 2381 903 est
2411 864 2515 919 quod

318 942 434 988 afflet
461 947 523 985 est
551 937 661 998 quod
691 937 854 998 puniat,
896 938 1009 982 cuins
1039 938 1100 981 rei
1124 936 1208 982 late
1236 945 1348 999 patet
1374 941 1633 1000 significatio.
1679 939 1898 981 Poetarum
1930 955 1965 981 e.
1995 954 2032 996 q.
2063 954 2097 980 ε.
2126 940 2202 983 FC
2233 954 2341 996 quae
2369 944 2414 984 in
2444 947 2516 986 rel.

323 1024 442 1068 libris
473 1022 622 1065 addita
648 1026 750 1072 sunt
777 1010 803 1062 ί.
832 1032 915 1075 my.
946 1021 1094 1074 strips.
1122 1034 1149 1075 γ
1175 1019 1257 1062 331
1290 1020 1445 1062 tandem
1475 1021 1581 1062 enim
1609 1019 1701 1062 dum
1732 1020 1913 1078 gentium
1942 1019 2123 1061 locorum
2154 1026 2354 1063 terrarum
2383 1022 2514 1080 signi-

319 1103 455 1145 ficatio
485 1100 618 1160 posita
645 1098 697 1141 ad
726 1103 909 1141 ornatum
947 1098 1123 1157 pertinet
1149 1105 1218 1141 aut
1246 1099 1282 1149 Q
1312 1099 1457 1141 doceas
1485 1099 1579 1157 quia
1616 1100 1687 1141 uix
1730 1098 1811 1141 hoc
1850 1106 2005 1156 quoque
2035 1098 2207 1158 contigit
2244 1106 2315 1142 aut
2353 1100 2512 1144 tandem

258 1232 260 1235 f
319 1195 395 1242 pro
436 1179 640 1240 expletiua
666 1178 863 1239 particula
891 1182 953 1220 est
982 1176 1026 1219 F
1047 1179 1157 1221 idem
1199 1180 1360 1223 exhibet
1390 1179 1425 1223 C
1447 1180 1531 1223 nisi
1561 1179 1674 1235 quod
1698 1190 1783 1233 pro
1815 1176 1972 1220 tandem
2016 1178 2120 1221 enim
2150 1179 2271 1223 habet
2310 1179 2510 1224 interdum

318 1262 426 1306 enim
455 1266 492 1305 et
517 1272 600 1316 pro
628 1264 697 1302 aut
725 1257 789 1308 Q:
819 1261 888 1301 aut
914 1256 1087 1300 tandem.
1144 1257 1232 1301 464
1260 1251 1521 1301 similitudine
1538 1257 1576 1301 F
1604 1256 1855 1318 plenitudine
1876 1257 1910 1301 C
1935 1270 2047 1302 corr.
2079 1266 2218 1302 tamen
2248 1259 2512 1304 similitudine

318 1356 342 1386 c
370 1340 454 1385 513
484 1338 591 1398 quod
607 1336 776 1380 dicendo
796 1331 1061 1396 praeoccupat
1077 1337 1156 1380 FC
1180 1336 1265 1381 518
1293 1337 1551 1397 intellegeres
1569 1337 1641 1383 FC
1668 1336 1754 1381 530
1783 1342 1823 1380 et
1853 1335 1964 1379 deest
1993 1351 2107 1394 quam
2140 1337 2201 1380 uel
2233 1351 2347 1395 quem
2378 1339 2508 1383 locum

317 1422 424 1466 sicut
451 1419 508 1463 ibi
535 1434 547 1461 z
580 1417 674 1461 urbs
703 1430 738 1460 e.
768 1430 806 1474 q.
836 1430 869 1459 s.
901 1415 981 1460 FC
1005 1418 1045 1470 (e
1074 1416 1339 1472 Gottinyensi
1366 1418 1543 1462 editione
1571 1416 1796 1462 Fuldensis
1825 1418 2083 1471 scripturam
2113 1420 2296 1470 notaui.)
2328 1418 2411 1462 561
2442 1436 2508 1463 ac-

320 1498 428 1544 cedit
455 1499 571 1543 etiam
600 1495 837 1540 feminarum
866 1492 1107 1539 uerecundia
1134 1494 1221 1540 FC.

491 1574 683 1635 Explicui
732 1572 861 1617 adbuc
911 1573 1199 1633 scripturarum
1247 1588 1272 1617 a
1309 1573 1501 1618 Fuldensi
1538 1579 1577 1618 et
1612 1573 1852 1619 Cassellano
1894 1573 2162 1618 exhibitarum
2203 1578 2506 1635 congruentiam

319 1661 493 1701 tantum:
523 1670 546 1698 e
575 1653 826 1708 diuersitate,
856 1666 972 1710 quam
999 1667 1105 1696 nunc
1134 1651 1433 1713 proponendam
1462 1668 1552 1698 esse
1581 1652 1725 1710 uideo,
1755 1669 1808 1697 ne
1837 1653 1925 1711 quis
1956 1654 2119 1697 efficere
2150 1655 2275 1711 uelit,
2307 1656 2508 1701 diuersum

320 1751 411 1780 esse
449 1732 726 1779 Cassellanum
764 1747 790 1775 a
819 1731 1013 1775 Fuldensi
1050 1736 1090 1774 et
1117 1731 1257 1775 iudicii
1292 1731 1341 1775 de
1379 1733 1495 1776 Petri
1536 1733 1724 1776 Danielis
1764 1733 2022 1792 neglegentia
2060 1735 2109 1776 ab
2150 1735 2379 1792 aequalibus
2425 1738 2510 1779 eius

321 1816 419 1858 sacti
458 1814 713 1857 seueritatem
744 1816 783 1853 et
812 1825 859 1853 ea
888 1811 929 1853 in
959 1811 1188 1853 memoriam
1217 1826 1391 1865 reuoco,
1431 1826 1532 1869 quae
1572 1812 1621 1854 de
1660 1812 1849 1855 editionis
1890 1813 2003 1855 illius
2046 1814 2211 1872 origine
2251 1814 2508 1858 Burmannus

321 1893 504 1938 narrauit
531 1893 574 1935 in
602 1891 885 1952 praefatione:
926 1889 1073 1950 ,Culpa
1101 1904 1199 1934 uero
1217 1924 1230 1946 ,
1259 1906 1335 1948 qua
1364 1891 1534 1935 uitiosae
1553 1890 1652 1934 adeo
1675 1891 1901 1951 prodierint
1917 1891 1992 1934 hae
2010 1891 2060 1934 P.
2084 1892 2270 1935 Danielis
2295 1894 2508 1942 editioni-sq

318 1971 585 2017 adscribenda
611 1976 673 2015 est
687 1970 965 2030 negligentiae
984 1970 1277 2029 Typographi,
1309 1976 1348 2013 et
1368 1971 1614 2014 correctoris
1636 1971 1764 2030 inepti
1781 1972 2052 2031 ignorantiae,
2078 1986 2165 2014 cum
2193 1972 2281 2032 ipse
2291 1973 2339 2016 P.
2359 1974 2509 2017 Daniel

316 2061 412 2096 tunc
441 2052 670 2095 domesticis
698 2051 875 2108 negotiis
904 2055 945 2092 et
971 2050 1107 2092 litibus
1135 2049 1315 2093 molestis
1345 2056 1559 2110 occupatus
1588 2050 1803 2093 editionem
1834 2056 1968 2094 curate
1990 2050 2201 2095 emendare
2243 2052 2512 2112 inpediretur,

317 2144 553 2189 nouamque,
582 2144 700 2188 quam
729 2129 827 2172 dare
854 2130 1119 2189 cogitauerat,
1148 2135 1279 2173 morte
1307 2134 1547 2191 praeuentus
1576 2135 1786 2173 recentare
1800 2144 1882 2174 non
1902 2131 2107 2190 potuerit.‘
2167 2132 2349 2176 Primum
2381 2133 2510 2177 dicam

319 2211 370 2253 de
398 2211 612 2270 scripturis
651 2223 751 2266 quae
789 2222 1010 2266 quanquam
1049 2206 1264 2251 dissimiles
1304 2214 1397 2252 sunt
1425 2209 1576 2267 aliquid
1605 2214 1736 2252 tamen
1765 2209 1913 2252 habent
1942 2209 2238 2255 similitudinis:
2269 2217 2312 2254 ut
2341 2212 2506 2256 multum

318 2291 470 2334 saciant
497 2289 548 2332 ad
577 2288 762 2331 Danielis
791 2287 1087 2347 neglegentiam
1117 2293 1229 2330 recte
1257 2288 1552 2333 aestimandam.
1611 2288 1641 2331 4
1670 2290 1737 2346 qui
1766 2303 1891 2331 sane
1922 2290 2074 2348 primus
2106 2290 2149 2333 F
2174 2273 2299 2334 sane
2330 2293 2397 2349 qui
2428 2293 2511 2352 pri·

318 2385 405 2414 mus
438 2370 471 2414 C
506 2371 550 2412 in
589 2375 766 2424 utroque
806 2382 903 2410 sane
943 2368 1132 2410 additum
1173 2375 1210 2411 et
1248 2380 1326 2412 suo
1366 2370 1529 2424 quidem
1559 2370 1647 2412 loco
1677 2370 1721 2412 in
1755 2368 1788 2413 C
1822 2368 1872 2412 11
1912 2383 2040 2423 ομοις
2068 2369 2111 2415 F
2135 2385 2286 2425 οιμοις
2318 2370 2351 2416 C
2378 2372 2511 2415 scrib:

319 2451 488 2506 θυμόις
518 2447 572 2491 14
600 2446 768 2489 tertio
800 2445 1014 2489 rebellauit
1043 2445 1086 2490 F
1110 2446 1274 2490 tertio
1308 2446 1508 2491 rebelabat
1539 2446 1573 2492 C
1599 2444 1813 2491 rebellabat
1843 2452 2076 2493 correctum
2107 2454 2179 2493 est.
2219 2450 2294 2495 rel.
2326 2450 2418 2495 libr.
2450 2459 2513 2495 ter

318 2528 376 2573 28
415 2531 583 2589 propter
623 2524 855 2569 Dardanum
894 2525 1083 2569 Electrae
1119 2525 1274 2586 pellicis
1313 2525 1437 2570 filium
1475 2539 1499 2571 a
1538 2538 1616 2584 quo
1661 2525 1829 2586 origo
1871 2525 2113 2572 Troiana
2144 2526 2434 2574 deducitur
2476 2530 2518 2575 F

317 2609 468 2653 habere
496 2608 550 2651 ab
592 2608 751 2651 editore
782 2605 1045 2661 Gottinqensi
1073 2605 1211 2650 didici.
1270 2618 1307 2665 p.
1338 2604 1391 2650 D.
1420 2603 1634 2650 Elaectrae
1673 2603 1839 2665 paelicis
1871 2604 1995 2650 filium
2026 2604 2091 2650 uel
2121 2613 2290 2666 propter
2320 2608 2510 2653 iudicium

316 2685 472 2747 paridis
502 2682 608 2744 quod
639 2685 819 2730 omnibus
848 2688 985 2728 notum
1016 2688 1077 2728 est
1108 2683 1141 2729 C
1167 2697 1276 2740 quae
1304 2685 1400 2729 inde
1418 2683 1584 2729 afilium
1614 2685 1765 2730 deleuit
1793 2701 1818 2742 γ
1848 2690 1888 2729 et
1908 2689 2205 2742 superscripsit
2235 2688 2345 2732 filiae
2361 2690 2515 2733 athlan-

318 2767 372 2812 tis
402 2765 529 2811 filium
558 2781 583 2810 a
613 2779 689 2824 quo
721 2765 884 2823 origo
927 2764 1150 2808 troiana
1188 2762 1484 2810 deducitur.
1524 2763 1581 2810 28
1611 2780 1713 2824 ergo
1743 2765 1936 2809 irascitur
1963 2765 2072 2810 Juno
2105 2768 2211 2825 quod
2241 2785 2323 2813 non
2353 2772 2404 2812 ob
2438 2773 2515 2813 hoc

318 2851 470 2891 tantum
498 2850 640 2905 raptus
669 2845 738 2900 sit,
769 2849 813 2888 ut
843 2843 1001 2887 diuinos
1031 2844 1209 2888 honorae
1240 2851 1553 2902 consequeretur
1581 2850 1624 2888 ut
1642 2844 1787 2904 pocula
1804 2846 2070 2901 ministraret,
2102 2847 2174 2890 sed
2200 2849 2305 2906 quod
2339 2849 2516 2893 uiolatus

316 2927 386 2981 sit,
418 2932 461 2969 ut
491 2925 652 2969 diuinos
682 2925 862 2969 bonores
893 2930 1213 2979 consequeretur
1249 2925 1291 2968 F
1314 2926 1422 2968 idem
1453 2926 1614 2968 exhibet
1646 2925 1679 2968 C
1705 2927 1789 2967 nisi
1819 2929 1931 2979 quod
1973 2932 2014 2967 ut
2054 2926 2088 2969 d.
2122 2929 2160 2970 h.
2201 2938 2518 2986 consequeretur

313 3012 413 3061 post
452 3011 590 3065 raptus
629 3005 683 3048 sit
721 3006 923 3049 collocata
961 3005 1110 3048 omittit
1150 3012 1186 3049 et
1227 3012 1322 3048 ante
1364 3003 1535 3047 uiolatus
1577 3006 1697 3047 habet
1726 3004 1832 3047 ideo.
1892 3006 1950 3048 42
1991 3008 2047 3049 ita
2086 3014 2129 3049 ut
2169 3010 2188 3030 *
2231 3010 2346 3051 Iouis
2386 3012 2429 3052 F
2463 3012 2519 3052 ita

319 3090 362 3127 ut
393 3089 454 3128 est
483 3085 597 3129 Iouis
630 3084 664 3128 C
689 3084 746 3128 42
776 3084 903 3127 iactus
934 3084 1042 3127 inter
1080 3098 1180 3141 quos
1222 3084 1343 3141 (quae
1367 3083 1417 3141 C)
1463 3084 1582 3127 etiam
1621 3082 1813 3127 Minerua
1856 3091 1917 3128 est
1958 3085 2063 3129 sicut
2104 3101 2226 3146 supra
2269 3087 2419 3133 dictum
2463 3101 2524 3133 est
