2854 3548
321 207 678 268 mnan-«go
713 207 1041 253 neon-au·
1075 207 1155 252 noc
1190 207 1292 252 nm·
1327 198 2230 268 menumquam&
2264 217 2534 264 am

318 288 605 331 recensionem
636 287 946 343 pertinemus
971 292 1013 330 oe
1042 288 1089 329 in
1116 285 1367 331 edicionem
1395 293 1459 331 ea
1482 297 1615 343 opnor.
1642 285 1789 345 γ’·ίιίθ
1811 286 1865 331 fio
1890 288 2101 349 μιδοίσ-
2122 289 2531 341 Photis-rutla—

319 374 425 408 tnm
454 363 575 410 Fue
603 364 799 425 spo-dolo
845 364 983 408 Pla-ti
1019 364 1348 414 tnualatnn
1386 365 1429 411 G
1458 370 1634 410 tnetn
1670 367 1700 410 i·
1736 368 1949 412 oekls'bra
1990 366 2077 412 146
2106 373 2166 413 ἰθ
2201 369 2247 414 in
2284 370 2437 428 qiste-
2462 374 2530 418 sbi

319 444 475 488 nullum
521 442 743 504 perieulum
783 449 847 487 ost
889 443 1112 504 plenius
1157 449 1209 488 ot
1251 443 1374 488 latius
1406 449 1450 489 et
1484 444 1711 504 placatus
1745 444 1873 490 utria
1906 445 2139 506 Neptun-
2165 448 2250 493 sic
2275 449 2442 493 etiam
2475 450 2530 494 in

320 523 684 570 orationibus
728 536 857 580 quas
896 536 992 582 pro
1039 522 1225 568 causis
1264 522 1347 568 uel
1384 522 1636 568 extendit
1674 522 1761 569 uel
1800 520 2082 570 contrahit
2120 526 2255 572 utin
2292 526 2530 572 secundo

322 605 470 648 libro
501 601 719 660 quando
760 618 796 647 o.
839 617 878 659 q.
923 616 957 645 s.
995 604 1040 647 F
1069 609 1121 646 at
1164 603 1207 646 in
1247 604 1390 659 quinto
1427 619 1467 647 ι.
1505 619 1548 647 ι.
1575 618 1614 662 p.
1654 619 1690 647 o.
1731 602 1945 662 plo-ins
1972 611 2026 648 ot
2053 604 2175 648 heim
2211 606 2437 664 placa-ton
2474 622 2529 650 ιι.

318 685 371 727 N.
414 682 613 725 describit
654 682 737 724 sic
779 681 938 723 etiam
977 682 1030 723 in
1071 682 1429 724 orationibus
1467 682 1613 725 facit
1645 696 1771 740 quas
1807 697 1907 743 pro
1948 684 2132 728 causis
2168 684 2253 727 nel
2281 685 2533 729 extendit

322 763 408 805 uel
449 762 735 806 contrahit
777 767 832 803 ut
871 761 925 802 in
965 760 1202 804 secundo
1255 760 1402 805 libro
1448 762 1707 820 quonian
1753 762 1790 807 G
1826 761 1907 805 161
1957 762 2275 809 luciliano->F
2304 747 2533 808 lucilium

322 900 356 942 C
388 898 472 942 182
511 897 689 957 impulit
718 898 761 940 F
783 895 975 956 impellit
1019 896 1052 940 C
1089 896 1298 956 impellunt
1338 898 1412 941 rel.
1451 897 1546 940 libr.
1584 896 1670 940 401
1712 901 1968 958 exportatum
1996 899 2042 942 F
2062 840 2285 945 ox'ortucio
2315 899 2352 950 G
2375 865 2421 959 (p
2451 911 2473 942 c
2507 898 2531 941 Ι

322 987 466 1022 ortum
505 991 591 1020 esse
632 979 838 1032 adparet)
886 975 972 1020 421
1012 976 1241 1033 sinuegiae
1268 975 1446 1035 magalia
1481 977 1527 1020 F
1566 975 1805 1035 sinuogsae
1841 977 2020 1037 mag-alia
2059 977 2094 1021 G
2128 979 2265 1022 scrib.-
2305 977 2535 1022 Sinuessae

322 1057 498 1115 magalia
528 1056 582 1098 cf.
603 1055 755 1098 Liuius
783 1053 860 1108 41,
879 1054 954 1108 27,
976 1054 1043 1098 12.
1072 1053 1161 1097 430
1190 1059 1233 1096 ut
1259 1053 1427 1097 floream
1458 1054 1627 1099 dicimus
1648 1055 1721 1104 Fc
1746 1069 1949 1106 coronam,
1965 1069 2098 1111 spur.
2129 1070 2152 1101 c
2179 1056 2268 1099 470
2293 1062 2384 1099 aut
2403 1056 2534 1116 prima

321 1143 441 1178 nocte
471 1136 564 1192 quia
583 1135 628 1175 in
649 1134 788 1177 Troia
814 1133 979 1176 Rhesus
1006 1147 1090 1175 non
1120 1133 1253 1175 suerat
1282 1133 1327 1174 F
1348 1139 1438 1175 ant
1466 1136 1596 1192 prima
1623 1140 1745 1175 nocte
1771 1136 1866 1193 ,quia
1893 1136 1979 1180 inte
2007 1138 2104 1192 (hoc
2133 1137 2282 1181 dolam
2302 1139 2535 1188 corrector)

321 1219 466 1259 rhesus
488 1216 528 1257 in
548 1214 783 1256 Troianon
802 1214 988 1256 fueratC
1011 1213 1099 1255 478
1119 1214 1391 1255 inueniam
1421 1215 1557 1256 omnia
1575 1227 1694 1255 uorsa
1723 1219 1901 1256 strata
1927 1220 2020 1258 aut
2049 1220 2328 1274 unctaque
2356 1214 2534 1258 omnia

325 1297 368 1339 F
393 1295 668 1337 inueniam
697 1306 857 1335 uersam
887 1298 998 1335 tersa
1026 1298 1209 1335 strata
1238 1297 1327 1335 aut
1357 1297 1629 1350 unctaque
1657 1293 1833 1336 omnia
1863 1293 1899 1338 C
1921 1293 2009 1337 479
2027 1293 2184 1338 interes
2211 1298 2344 1336 autem
2373 1293 2534 1343 etatis

321 1378 363 1419 F
387 1376 543 1417 interea
571 1373 664 1416 dnm
693 1373 794 1416 haec
822 1376 1022 1433 geruntur
1050 1376 1091 1414 et
1109 1372 1211 1415 satis
1232 1371 1267 1416 G
1293 1373 1456 1428 (errore
1483 1378 1531 1415 ut
1555 1377 1665 1430 puto
1693 1372 1851 1417 Daniel
1878 1374 2047 1418 uomit
2076 1372 2168 1417 dom
2197 1372 2297 1416 haec
2332 1376 2536 1430 geruntur

322 1458 465 1499 deesse
494 1455 540 1497 in
571 1454 728 1503 codice,
756 1465 855 1496 cum
883 1456 1015 1494 autem
1045 1452 1166 1505 desit)
1205 1449 1291 1494 507
1319 1450 1500 1494 moribus
1527 1456 1663 1495 autem
1690 1452 1736 1496 F
1757 1451 1936 1496 moribus
1980 1451 2113 1512 patris
2149 1456 2279 1502 autem
2312 1451 2347 1497 C
2384 1450 2534 1514 (putris

320 1542 473 1579 notare
503 1534 643 1575 omisit
674 1532 845 1580 Daniel,
874 1530 975 1573 uiris
1004 1536 1145 1573 autem
1172 1533 1217 1573 in
1246 1537 1429 1585 utroquo
1458 1531 1601 1581 codice
1630 1532 1758 1584 deest)
1798 1529 1886 1574 538
1912 1536 2099 1574 sunt....
2143 1529 2270 1573 futuri
2297 1532 2343 1574 F
2364 1534 2459 1572 sunt
2486 1529 2530 1572 in

320 1615 458 1658 sutero
491 1612 526 1658 C
551 1611 691 1655 futuro
724 1616 958 1655 correctum
989 1615 1050 1654 est
1091 1610 1313 1667 (excidisse
1350 1610 1519 1668 aliquid*
1539 1611 1586 1655 in
1622 1610 1667 1654 F
1687 1611 1937 1669 siqnificauit
1963 1610 2142 1662 Daniel,
2178 1611 2294 1667 quod
2330 1610 2451 1655 habet
2481 1608 2534 1667 C)

322 1692 409 1739 538
439 1704 731 1751 syncopen
761 1689 1017 1749 quotiens
1046 1688 1269 1748 syllaba
1298 1686 1358 1732 de
1388 1687 1558 1734 medio
1585 1688 1937 1734 subtrahitur
1966 1695 2016 1734 et
2044 1689 2177 1733 beno
2199 1689 2326 1749 elegit
2345 1688 2535 1748 FElegit

324 1773 493 1818 uerbum
527 1775 665 1830 aptum
694 1768 912 1828 naufragio
953 1766 1005 1812 ad
1034 1766 1246 1813 liciendam
1289 1769 1430 1821 (scrib.
1461 1766 1715 1824 eliciendam)
1756 1767 2079 1813 misericordiam
2117 1768 2297 1827 quamuis
2337 1773 2449 1812 natat
2488 1774 2529 1811 et

323 1860 386 1906 (ut
414 1856 456 1911 y)
501 1851 551 1895 de
580 1849 750 1894 nauibus
788 1848 934 1892 lectum
964 1848 1019 1892 sit
1046 1853 1158 1892 natat
1188 1854 1308 1891 uncta
1346 1848 1486 1891 carina
1528 1847 1765 1892 adnauimus
1804 1847 2082 1893 adnatauimus
2119 1864 2212 1908 per
2251 1862 2535 1907 syncopen

324 1933 593 1991 quotiens
622 1928 846 1987 syllaba
876 1927 935 1971 de
964 1927 1133 1971 medio
1165 1927 1514 1971 subtrahitur
1543 1932 1594 1970 et
1622 1927 1751 1970 beno
1778 1926 2012 1971 adnauimus
2041 1943 2076 1970 e.
2108 1943 2144 1985 q.
2176 1944 2210 1971 s.
2233 1927 2267 1972 C
2293 1927 2380 1970 550
2408 1927 2533 1986 Ippo-

323 2017 404 2057 tius
435 2011 498 2054 uel
527 2010 774 2068 Ipsostratus
813 2006 858 2050 F
879 2006 1074 2065 Ippotens
1105 2006 1168 2049 uel
1209 2007 1452 2065 ipsostratus
1483 2005 1518 2050 G
1550 2005 1636 2056 (uel
1673 2005 1921 2064 Ipsostratus
1959 2009 2102 2051 sladm
2135 2013 2233 2062 post
2270 2007 2455 2065 Ippotius
2491 2009 2536 2050 in

324 2102 503 2148 utroque
535 2086 808 2143 collocatum)
840 2083 939 2128 566.
969 2094 1058 2128 aut
1088 2090 1206 2128 uocat
1234 2083 1422 2128 ardorem
1459 2084 1792 2144 simpliciter
1834 2085 1969 2128 belli
1998 2085 2121 2142 quia
2149 2099 2364 2143 semper
2393 2084 2535 2128 dilu-

327 2173 420 2215 uio
452 2171 495 2213 F
520 2173 610 2210 aut
639 2167 827 2211 arborem
857 2160 1207 2222 simpliciter
1236 2164 1378 2206 belli
1409 2163 1536 2220 quia
1566 2178 1773 2222 semper
1802 2163 2014 2206 diluuio
2045 2164 2079 2207 G
2103 2162 2190 2206 619
2220 2164 2536 2206 Theomissam

331 2253 373 2295 F
398 2248 683 2292 Tecmissam
714 2243 747 2287 C
775 2241 861 2286 619
892 2242 1153 2286 Turisacem
1184 2259 1209 2285 a
1238 2257 1403 2285 coena
1431 2243 1475 2285 F
1499 2242 1776 2285 Eurisacena
1807 2242 1841 2285 C
1865 2240 1952 2284 647
1979 2243 2073 2285 item
2104 2257 2157 2285 ex
2186 2242 2537 2301 longinquitate

326 2338 368 2373 ut
398 2329 542 2372 Iliacis
574 2332 715 2384 erepta
745 2324 875 2367 ruinis
916 2329 960 2365 ut
989 2321 1211 2366 Terentius
1251 2337 1303 2364 ex
1342 2321 1564 2381 Aethiopia
1601 2324 1644 2366 F
1676 2322 1770 2364 item
1813 2336 1866 2364 ex
1906 2321 2183 2380 longuitate
2224 2322 2361 2364 iliacis
2401 2328 2538 2381 erepta

323 2410 454 2451 ruinis
486 2412 527 2449 ut
557 2420 610 2447 ex
641 2404 847 2462 aethiopia
875 2417 909 2445 e.
941 2417 978 2459 q.
1010 2416 1043 2444 s.
1077 2401 1111 2445 C
1137 2399 1223 2444 649
1253 2401 1387 2444 nuclei
1415 2403 1460 2445 F
1482 2400 1618 2444 nculei
1650 2400 1684 2444 C
1710 2400 1840 2443 aculei
1869 2402 1944 2443 rel.
1974 2402 2067 2444 libr.

498 2485 579 2529 His
620 2482 817 2542 exemplis
858 2497 944 2525 cum
988 2485 1134 2538 quanta
1163 2479 1353 2523 Danielis
1393 2480 1654 2539 neglegentia
1692 2479 1816 2523 suerit
1856 2479 2066 2539 probatum
2108 2478 2191 2533 sit,
2229 2477 2335 2525 haud
2371 2477 2536 2522 arduum

327 2567 481 2626 largitu
513 2569 605 2618 est,
647 2562 707 2605 illi
750 2559 1004 2605 tribuendum
1046 2572 1138 2601 esse
1179 2557 1286 2616 quod
1317 2574 1340 2601 e
1369 2557 1570 2625 Fuldensi
1605 2563 1784 2602 notatum
1816 2563 1880 2602 est
1909 2573 1946 2601 u.
1976 2556 2006 2601 6
2036 2556 2295 2602 Uulturnium
2327 2563 2365 2600 et
2394 2555 2539 2601 Cassei

327 2660 425 2692 cum
453 2647 498 2688 in
530 2643 563 2688 G
590 2646 643 2686 sit
673 2641 916 2686 Uulturnum
948 2646 985 2683 el
1011 2637 1169 2682 Cascei.
1202 2638 1285 2683 139
1316 2637 1435 2689 Quod
1465 2638 1568 2682 enim
1590 2639 1634 2683 F
1659 2637 1750 2695 quid
1767 2637 1871 2680 enim
1909 2637 1943 2681 G
1968 2636 2055 2682 224
2084 2641 2236 2680 tantum
2267 2648 2408 2695 campo
2434 2637 2539 2680 iacet

328 2727 371 2770 F
396 2730 551 2768 tantum
584 2722 713 2780 campi
744 2721 849 2764 iacet
879 2719 913 2763 G
941 2718 1027 2763 339
1057 2724 1199 2778 aperte
1241 2718 1414 2777 regione
1443 2717 1486 2761 F
1522 2723 1664 2777 aperte
1701 2718 1910 2778 regionem
1943 2730 1964 2762 c
1992 2719 2020 2761 i.
2050 2729 2132 2773 my.
2167 2714 2255 2760 367
2293 2715 2424 2760 stadia
2451 2716 2538 2761 XX

328 2806 370 2849 F
404 2803 537 2848 stadia
576 2801 724 2861 uiginti
764 2799 841 2843 duo
876 2798 910 2844 C
935 2796 1022 2843 367
1062 2797 1209 2842 leniter
1237 2799 1281 2843 F
1314 2797 1460 2841 leuiter
1501 2797 1534 2842 C
1558 2796 1647 2842 394
1687 2797 1816 2857 ipsum
1848 2798 1892 2843 F
1925 2796 2054 2856 ipsam
2087 2794 2121 2840 C
2155 2793 2242 2839 415
2282 2794 2475 2853 quibnsue
2501 2798 2546 2841 F

326 2885 535 2944 quibusuis
576 2881 610 2926 C
635 2879 721 2924 469
750 2879 874 2923 Hebii
914 2878 957 2921 F
994 2878 1109 2921 hebri
1140 2878 1173 2922 C
1210 2875 1297 2921 489
1332 2877 1545 2936 Tityonus
1585 2879 1630 2923 F
1662 2877 1844 2921 tithonus
1876 2876 1909 2921 C
1933 2874 2021 2919 489
2057 2875 2163 2918 uotis
2191 2875 2236 2919 F
2269 2874 2363 2918 uitis
2394 2873 2428 2919 C
2455 2874 2534 2919 531

327 2965 566 3008 bellicorum
597 2962 640 3006 F
664 2959 901 3003 bellicosam
933 2957 967 3001 G
1007 2957 1092 3000 535
1125 2958 1190 3000 ubi
1219 2957 1353 3000 Sicles
1383 2958 1425 3002 F
1450 2957 1517 2999 ubi
1545 2955 1684 3000 Yades
1717 2954 1748 3001 G
1777 2954 1863 2999 543
1902 2954 2058 2999 auxilio
2091 2967 2138 2998 co
2151 2985 2261 2998 .....
2303 2953 2476 3013 placitus
2505 2955 2550 2999 F

326 3043 481 3088 auxilio
514 3048 699 3102 spectare
728 3038 900 3083 Plautus
932 3036 966 3080 C
991 3031 1076 3081 548
1105 3037 1207 3080 fulta
1226 3039 1269 3082 F
1292 3036 1414 3080 stulta
1436 3035 1470 3080 C
1485 3061 1545 3068 —
1563 3035 1730 3080 Petrum
1753 3034 1963 3079 Danielem
1985 3047 2068 3077 non
2087 3032 2281 3077 Fuldensi
2302 3037 2452 3077 tantum
2474 3033 2545 3077 sed
