2854 3548
356 590 511 662 Seruii
538 628 643 675 quae
670 613 861 662 dicunt-r
889 612 1110 658 csminnn
1140 611 1476 672 Uergilianorum
1503 615 1732 656 commenta
1771 611 1868 670 quin
1908 610 2038 655 uariis
2067 611 2316 673 temporibm
2332 607 2457 661 multi
2488 595 2559 652 ant

359 693 644 754 mmo-do
672 699 743 738 aut
770 690 1060 755 interpolando
1088 690 1336 736 nuta-erint
1363 691 1560 748 qua-nis·
1573 691 1616 734 in
1645 704 1799 751 magna
1835 689 2035 735 librorum
2074 704 2198 735 mann
2233 690 2475 751 scriptorum
2515 691 2559 730 et

349 773 580 825 editionum
608 778 793 819 ueterum
823 771 1155 818 dissimilitudine
1181 769 1359 815 dubitari
1386 775 1587 830 nequeat,
1628 769 1736 814 duae
1773 776 1911 814 tamen
1941 783 2083 814 eornm
2120 770 2389 815 recensiones
2430 766 2555 811 facile

354 850 664 897 discernuntur:
691 850 868 900 altera-
884 850 1135 912 ampliore·
1164 873 1216 882 —
1249 849 1404 897 rectius
1432 849 1539 893 enim
1569 847 1707 910 ampla
1734 862 1852 908 qnam
1891 849 2062 907 integra
2090 855 2262 894 uocatur
2288 873 2346 881 —
2389 846 2556 892 exbibet

355 930 646 992 emelianus,
673 931 807 978 ultera
834 929 1004 977 breuior
1030 930 1073 974 in
1112 928 1324 991 permultis
1352 933 1493 975 exstat
1519 927 1753 986 codicibus,
1790 943 1815 973 e
1843 929 1989 988 quibus
2015 928 2275 975 Beruenses·
2314 927 2482 974 nomino
2514 931 2556 970 et

323 1032 329 1038 ·
352 1010 619 1071 Lipsiensem
635 1043 649 1068 ,
680 1011 825 1070 quibus
852 1023 936 1070 ego
965 1022 1062 1053 nans
1090 1022 1177 1053 sum
1192 1040 1206 1065 ,
1235 1007 1443 1066 Regium,
1481 1007 1750 1064 Leidensem,
1791 1007 2040 1065 Uossianos,
2080 1022 2183 1067 quos
2213 1008 2470 1053 Burmannus
2501 1004 2554 1049 ad

355 1103 470 1135 sunm
498 1088 723 1135 editionem
752 1088 1033 1142 adorandam
1060 1087 1258 1133 adhibuit
1311 1087 1490 1138 Quarum
1526 1086 1811 1131 recensiosnm
1840 1092 1934 1131 utra
1961 1101 1988 1131 a
2014 1088 2195 1147 pristina
2233 1096 2277 1131 et
2311 1087 2554 1146 incorrupta

354 1167 548 1213 Seruiani
579 1169 719 1229 operis
747 1167 986 1212 sinceritate
1013 1166 1163 1211 minori
1192 1165 1413 1210 interuallo
1443 1165 1599 1210 distare
1627 1164 1834 1222 uideatur,
1864 1166 1932 1210 uel
1961 1172 2005 1210 nt
2032 1166 2155 1210 aliter
2182 1166 2312 1210 dicam
2341 1173 2473 1210 utrum
2504 1180 2553 1208 ea

358 1261 476 1305 quam
505 1247 738 1291 breuiorem
768 1246 856 1289 dixi
886 1245 1095 1289 decurtata
1109 1250 1166 1288 ‘et
1193 1259 1249 1288 ex
1276 1245 1467 1305 ampliori
1497 1253 1541 1288 et
1567 1245 1735 1304 integ-ra
1762 1250 1958 1305 excerpta
1986 1259 2106 1302 esse,
2136 1260 2188 1288 an
2220 1245 2398 1306 amplior
2423 1245 2552 1287 inter·

355 1325 498 1384 polata
526 1332 569 1388 et
596 1341 622 1370 e
651 1332 839 1371 notarum
867 1325 1106 1383 farragine,
1143 1323 1326 1367 breuiori
1355 1330 1399 1367 et
1427 1330 1656 1369 commenta
1677 1323 1790 1367 -talia
1817 1324 1956 1383 qualia
1981 1324 2154 1368 Seruius
2181 1326 2347 1385 scripsit
2383 1339 2551 1385 reprae-

356 1406 538 1450 sentanti
568 1421 593 1450 a
622 1405 902 1464 grammaticis
932 1410 976 1448 et
1003 1403 1212 1448 monachis
1240 1402 1490 1463 pedetentim
1519 1403 1819 1464 adglomerata,
1860 1409 1955 1447 orta
1983 1418 2077 1448 esse
2104 1404 2283 1464 putanda
2310 1404 2386 1448 sit:
2419 1404 2471 1447 de
2500 1418 2550 1447 eo

358 1485 435 1528 bac
463 1484 673 1529 scribendi
701 1484 1011 1544 opportunitate
1038 1483 1136 1528 mibi
1176 1482 1316 1527 oblata
1355 1497 1466 1527 eram
1497 1463 1785 1543 dispnt⁴aturus.
1842 1482 1927 1527 Sed
1958 1483 2102 1541 quibus
2130 1483 2183 1527 ad
2214 1484 2320 1527 banc
2345 1484 2550 1542 quaestio·

351 1576 447 1606 nem
477 1562 742 1607 dirimendam
773 1575 876 1622 opus
907 1567 973 1605 est
993 1561 1235 1606 Cassellani
1265 1566 1308 1604 et
1334 1560 1572 1622 Lipsiensis
1602 1560 1908 1605 conlationibus
1933 1566 2125 1605 accurate
2145 1561 2282 1618 factis,
2305 1575 2440 1605 earum
2461 1574 2548 1605 cum

351 1640 467 1685 illam
496 1645 650 1686 tantum
679 1654 753 1685 suo
786 1644 968 1700 tempore
1006 1639 1130 1700 plene
1171 1639 1376 1684 conficere
1403 1639 1505 1684 mibi
1542 1639 1741 1696 licuisset,
1772 1639 1886 1683 aliud
1928 1639 2228 1685 commentandi
2260 1646 2551 1701 >argumentum

351 1719 622 1777 quaerendum
651 1726 753 1765 erat.
812 1719 946 1779 Atque
975 1724 1019 1764 ut
1048 1719 1170 1779 primi
1198 1717 1408 1764 Aeneidos
1437 1718 1533 1763 libri
1562 1718 1778 1763 commenti
1798 1723 1955 1778 partem
1978 1733 2002 1763 e
2025 1718 2291 1776 Cnssellano,
2322 1718 2546 1774 Beruensi,

351 1797 566 1859 Lipsiensi
595 1813 712 1858 quam
741 1798 921 1844 maxime
951 1796 1203 1846 emendatam
1231 1797 1383 1860 publici
1402 1798 1505 1844 iuris
1525 1797 1662 1843 facere
1680 1799 1987 1855 constituerem,
2004 1798 2200 1844 librorum
2219 1798 2384 1844 illorum
2426 1813 2550 1858 prae-

351 1878 504 1922 stantia
536 1877 725 1922 effectum
756 1885 831 1922 est.
887 1878 990 1922 Nam
1021 1877 1256 1923 Cassellani
1284 1877 1427 1922 laudes
1456 1892 1482 1921 a
1511 1877 1758 1933 Duebnero,
1796 1877 2010 1936 Bergkio,
2052 1877 2145 1922 aliis
2176 1878 2307 1922 dictas
2337 1894 2424 1923 cnm
2465 1894 2551 1921 non

349 1956 404 1999 sit
434 1970 507 2000 cnr
535 1957 616 2000 hoc
645 1956 738 2000 loco
766 1956 1062 2014 redintegrem,
1093 1963 1174 2001 tum
1193 1957 1420 2002 Beruensis
1450 1957 1613 2000 codices
1633 1957 1860 2000 Seruianos
1892 1963 2088 2014 quotquot
2109 1957 2241 2000 adbuc
2270 1961 2428 2018 cogniti
2457 1967 2553 2004 sunt

352 2048 494 2078 omnes
525 2040 725 2080 uetustate
754 2035 992 2094 praecellit,
1032 2040 1115 2079 tum
1142 2035 1381 2096 Lipsiensis
1410 2041 1454 2079 et
1481 2035 1725 2094 antiquitate
1765 2042 1807 2079 et
1846 2037 2074 2096 scripturae
2114 2037 2352 2097 diligentia
2372 2040 2552 2100 insignis

353 2120 429 2155 est.
488 2114 576 2156 Sed
607 2115 658 2158 de
688 2115 756 2156 bis
787 2116 907 2158 libris
937 2115 1178 2174 singillatim
1209 2114 1421 2158 dicendum
1450 2120 1527 2158 est.

427 2200 430 2202 ’
462 2192 526 2235 Ac
542 2193 830 2238 Cassellanum
842 2194 912 2250 (G)
929 2193 1088 2252 quidem
1104 2194 1349 2249 Raumerus,
1361 2193 1440 2238 Uir
1450 2192 1850 2249 Excellentissimus,
1862 2193 2061 2238 Minister
2069 2193 2234 2254 Regius
2251 2208 2405 2240 summa
2425 2198 2551 2242 comi-

351 2276 438 2314 tate
453 2270 506 2314 ad
527 2286 590 2315 me
606 2271 960 2316 transmittendum
980 2273 1149 2316 curauit.
1181 2271 1486 2315 Tractaueruut
1506 2286 1594 2315 eum
1611 2277 1706 2331 post
1725 2272 1895 2316 Petrum
1906 2272 2128 2316 Danielem
2144 2274 2551 2332 Dnebnerus,Bern-

352 2348 548 2409 bardyus,
571 2350 831 2407 Krahnerus,
857 2350 1080 2411 Bergkius.
1110 2351 1298 2411 Scriptus
1320 2361 1383 2394 est
1402 2351 1550 2394 litteris
1572 2351 1839 2409 carolingicis
1860 2352 2025 2395 saeculo
2054 2353 2099 2396 X
2119 2353 2162 2395 in
2186 2352 2287 2398 CIX
2306 2355 2554 2402 membranis

353 2429 513 2473 formae
553 2429 782 2489 quadratae
827 2430 900 2475 sed
943 2432 1109 2475 maioris
1146 2443 1374 2475 mensurae.
1445 2429 1681 2489 Quanquam
1710 2430 1752 2473 in
1795 2430 1971 2491 singulis
2012 2431 2177 2492 paginis
2219 2446 2364 2479 uersus
2405 2435 2555 2481 triceni

351 2509 509 2569 singuli
547 2524 699 2555 summa
741 2512 973 2557 constantia
1017 2511 1177 2555 exarati
1216 2516 1336 2567 sunt,
1377 2516 1512 2555 tamen
1556 2516 1710 2555 tantum
1748 2511 1868 2555 abest
1909 2521 1951 2555 ut
1986 2512 2037 2556 ab
2080 2512 2225 2557 eadem
2265 2528 2388 2558 manu
2419 2516 2553 2561 codex

352 2589 528 2648 scriptus
558 2591 641 2647 sit,
673 2596 718 2634 ut
747 2590 818 2635 alii
847 2592 890 2635 in
921 2591 1015 2635 aliis
1046 2591 1227 2650 partibus
1257 2589 1417 2636 librarii
1447 2589 1590 2634 eodem
1621 2596 1803 2648 tempore
1835 2592 2021 2651 occupati
2060 2591 2229 2636 fuerint.
2289 2593 2390 2637 Inde
2421 2595 2553 2655 expli-

354 2666 525 2712 candum
555 2675 620 2713 est
650 2669 756 2728 quod
789 2670 905 2714 trium
936 2671 1192 2730 paginarum,
1233 2684 1335 2728 quae
1365 2674 1458 2713 sunt
1487 2668 1562 2712 sol.
1593 2669 1685 2713 77b
1715 2669 1792 2714 fol.
1821 2668 1920 2713 87a
1949 2670 2021 2713 sol.
2046 2670 2130 2715 109
2143 2672 2182 2727 b,
2213 2678 2353 2732 partes
2383 2680 2426 2717 et
2455 2689 2553 2731 nna,

358 2762 460 2804 quae
490 2754 555 2791 est
584 2749 655 2792 sol.
684 2748 742 2793 87
754 2750 776 2792 b
807 2750 973 2806 integra
1002 2749 1207 2808 scriptura
1234 2753 1392 2791 uacant.
1450 2747 1679 2792 Uerborum
1710 2748 1918 2792 distinctio
1949 2765 2075 2809 saepe
2116 2757 2187 2793 aut
2224 2752 2338 2794 nulla
2381 2760 2445 2796 est
2484 2763 2556 2798 aut

356 2825 475 2870 falsa.
536 2826 797 2873 Scholiorum
826 2828 947 2872 initia
976 2827 1125 2872 litteris
1155 2826 1457 2888 grandiusculis
1486 2826 1669 2872 indicata
1697 2836 1803 2873 sunt.
1846 2826 2040 2873 Ceterum
2071 2830 2177 2874 bunc
2208 2830 2391 2877 codicem
2422 2835 2555 2879 scien-

357 2906 448 2950 dum
479 2913 544 2952 est
574 2907 714 2954 Seruii
747 2923 825 2953 sex
858 2909 1039 2969 priorum
1069 2908 1282 2953 Aeneidos
1321 2908 1514 2953 librorum
1555 2908 1767 2969 complecti
1797 2914 2039 2967 commenta,
2071 2925 2175 2968 quae
2213 2916 2349 2956 tamen
2389 2914 2559 2975 integ-ra

2320 2982 2338 3018 1
