2854 3548
290 176 500 220 must·-
522 173 615 218 aa:
645 169 809 217 Coun-e
820 167 1334 230 ,napa-nufias&
1351 180 1496 212 mnus
1511 165 1659 211 babet:
1693 164 1791 211 Νἰει·
1805 176 2051 211 σκηιωαω
2064 165 2233 221 pieta&
2247 164 2485 212 mmm.

290 259 340 298 ιε
378 250 754 308 uniames-dum
788 245 1268 295 eoduma
1297 246 1554 302 operiam:
1581 242 2010 290 fimarethmom
2039 257 2137 302 eq.
2166 257 2203 287 s.
2232 242 2487 302 minuspro·

291 330 506 377 buu-est
514 346 528 374 ε
543 335 735 388 tauqu-
749 340 809 372 ee
817 332 975 372 nutum
989 324 1253 369 eout‘neutur
1261 324 1428 385 pietatis
1436 323 1699 384 significatio,
1711 321 1820 383 quod
1829 323 1935 367 socii
1945 323 2027 367 rite
2034 321 2268 382 sepeliendi
2276 328 2485 367 curentur.

292 409 511 456 Son-du
535 412 752 452 eom
761 404 875 464 yssille
888 417 917 448 ι
929 417 997 448 me
1007 403 1243 448 nominatus
1256 417 1345 448 cum
1358 403 1525 448 saecule
1539 402 1856 462 daei-offlano
1874 401 1941 446 uel
1953 402 2093 460 quinto
2107 401 2162 446 ad
2175 400 2296 446 fidem
2314 399 2485 455 codicis,

291 488 550 549 quiauen-
564 485 851 529 memb-em
866 483 1067 540 ιιιδίἰιιιίι,Δ
1089 481 1327 528 Camellani
1353 484 1609 528 membranas
1634 482 1688 527 ud
1712 481 1883 541 primum
1908 480 2053 525 librum
2077 481 2334 540 pertinentes
2349 492 2488 524 eorre-

290 566 421 622 tnrtt,
443 565 492 608 iu
521 565 612 608 eius
639 563 856 622 scripturis
879 561 955 607 ue}
974 560 1229 621 ιοάμίαιιίίι
1255 561 1322 606 uel
1349 559 1812 621 reprobandis-eudem
1831 566 1995 604 secutus
2012 573 2100 603 sum
2121 560 2341 613 rationem,
2370 572 2488 615 quam

291 645 351 688 iu·
369 641 604 688 Emensis
632 648 678 686 et
703 640 942 701 Lipsiensis
977 640 1192 700 scripturis
1228 639 1497 684 diiudicandis
1532 639 1634 684 milii-
1658 639 1803 684 ducem
1840 653 1937 682 esse
1966 637 2091 683 uolui.
2148 637 2216 681 De
2252 635 2487 681 detestabili

292 728 430 768 sutem
456 721 576 766 huius
606 720 855 766 correctoris
884 718 1162 781 impudentia,
1202 721 1271 780 qui
1308 721 1465 781 primae
1493 733 1637 764 manus
1664 719 1892 780 scripturus
1922 716 2090 762 lineolis
2128 716 2337 761 suhductis
2375 716 2486 769 dele·

293 803 520 848 uisse-non
550 806 782 856 contentu,
812 814 886 845 eus
915 813 1117 861 persaepe
1143 802 1205 844 ita
1232 806 1279 845 ut
1304 815 1361 845 ne
1388 799 1528 844 littera
1553 798 1717 859 quidem
1746 797 1873 843 hodie
1903 798 1991 858 legi
2018 798 2152 858 pessit
2171 797 2318 853 erasit,
2358 810 2485 855 quau·

294 892 414 941 qun
441 886 561 926 recte
582 879 1068 936 iudicauitDuebuerus,
1116 885 1251 924 tamen
1279 880 1332 935 ,in
1372 894 1423 924 eo
1468 879 1599 924 falsus
1648 884 1716 924 est
1753 877 1862 937 quod
1900 878 2112 934 codicem,
2154 891 2234 936 quo
2274 876 2348 920 ille
2390 890 2487 920 usus

294 961 377 1016 sit,
418 959 642 1004 deterioris
683 965 807 1003 notae
847 958 980 1003 fuisse
1019 957 1134 1004 dixit.
1200 959 1330 1010 Quem
1366 974 1419 1003 ne
1458 958 1607 1003 diam.
1626 958 1757 1017 ipsum
1796 971 1891 1001 esse
1927 957 2218 1018 Lipsiensem,
2269 955 2485 1015 Lipsiensi

297 1046 411 1083 certe
437 1039 685 1085 simillimum
713 1039 844 1083 fuisse
873 1039 1125 1083 confidenter
1152 1039 1336 1083 adfirmo.
1383 1039 1490 1082 Nam
1518 1044 1670 1097 quanta
1695 1038 1755 1081 sit
1780 1038 2071 1096 scripturarum
2100 1051 2126 1080 a
2152 1038 2195 1081 L
2226 1041 2269 1080 et
2297 1051 2324 1078 a
2355 1051 2382 1093 y
2410 1046 2484 1078 ex·

297 1118 514 1162 bibiturum
544 1117 768 1162 similitudo
798 1116 1017 1178 adparatus
1045 1119 1211 1162 criticus
1240 1132 1356 1177 quem
1385 1117 1581 1176 congessi
1609 1117 1755 1177 ubique
1784 1117 1994 1173 ostendit,
2034 1125 2076 1160 et
2105 1131 2208 1176 quae
2247 1117 2290 1159 in
2328 1115 2486 1159 relicua

295 1197 394 1241 libri
421 1198 541 1257 primi
570 1181 690 1256 parte
716 1211 745 1254 γ
769 1196 928 1241 addidit
955 1197 1096 1241 eadem
1126 1205 1292 1257 praeter
1317 1210 1522 1257 perpauca
1549 1203 1594 1240 et
1619 1198 1664 1242 in
1685 1197 1904 1257 Lipsiensi
1931 1203 2027 1241 suut
2055 1196 2121 1240 uel
2149 1210 2176 1239 a
2206 1195 2338 1254 prima
2365 1208 2486 1238 manu

297 1275 452 1336 scripta
481 1275 547 1319 uel
575 1290 602 1320 a
629 1275 810 1320 secunda
837 1275 988 1320 addita.
1049 1274 1170 1321 Unde
1197 1276 1236 1320 si
1263 1275 1488 1320 conieceris
1527 1291 1605 1333 ea,
1632 1291 1747 1335 ‚quae
1782 1277 1825 1320 in
1852 1275 2071 1335 Lipsieusi
2110 1273 2397 1319 desiderentur
2428 1296 2483 1306 —-

298 1353 425 1398 ueluti
451 1354 495 1397 in
527 1354 579 1398 iis
608 1368 711 1413 quae
739 1354 850 1399 edidi
877 1368 930 1398 ea
956 1368 1060 1413 quae
1087 1354 1139 1398 ad
1160 1369 1209 1398 u.
1239 1353 1324 1398 169
1352 1353 1404 1397 de
1431 1355 1611 1399 anchora
1637 1355 1758 1411 uocis
1784 1354 2066 1414 originationo
2095 1359 2138 1397 et
2164 1352 2218 1397 ad
2248 1367 2286 1397 u.
2318 1352 2402 1396 179
2432 1351 2485 1396 de

297 1434 639 1494 hysteroprotero
668 1434 776 1479 dicta
803 1439 901 1479 suut
927 1458 988 1468 --
1015 1447 1042 1478 u
1068 1448 1094 1491 y
1122 1433 1273 1479 Seruio
1306 1433 1472 1478 obtrusa
1501 1447 1610 1490 csse,
1650 1432 1759 1478 haud
1798 1434 1965 1479 multum
1997 1447 2033 1477 ,ι
2070 1448 2170 1478 uero
2209 1432 2484 1478 aberraueris.

298 1513 455 1565 Quarta
470 1513 646 1574 denique
658 1513 895 1560 Cussollani
909 1527 1066 1571 mus,
1095 1528 1199 1574 quae
1228 1514 1329 1558 uitia
1356 1513 1556 1559 nonnulla
1572 1512 1805 1559 leuidensia
1834 1520 1877 1559 et
1906 1514 2066 1559 librarii
2096 1513 2367 1574 neglegentia
2388 1518 2486 1558 nata

297 1608 323 1638 e
350 1595 589 1639 coniectura
617 1599 660 1638 ut
680 1593 852 1638 uidetur
879 1594 938 1637 ita
966 1592 1212 1650 emendam,
1241 1599 1285 1638 ut
1312 1607 1395 1639 non
1415 1595 1836 1654 tamsuperscriberet
1854 1601 1969 1638 recta
1990 1608 2105 1653 quam
2125 1593 2288 1638 litteras
2309 1607 2335 1637 a
2355 1593 2486 1652 primu

298 1688 419 1719 manu
447 1673 620 1733 scriptas
659 1681 731 1718 aut
757 1673 961 1719 oblineret
997 1674 1048 1719 si.
1072 1684 1399 1734 superuacaneae
1434 1679 1507 1719 aut
1542 1679 1719 1718 mutaret
1758 1674 1796 1718 si
1834 1673 1971 1718 falsae
2011 1681 2174 1719 essent:
2216 1675 2318 1718 haec
2357 1675 2486 1733 igitur

298 1768 440 1797 manus
469 1754 512 1796 in
542 1753 662 1811 primi
692 1754 788 1797 libri
819 1754 1056 1797 commentis
1086 1769 1271 1812 perraro,
1301 1754 1463 1813 saepius
1490 1754 1534 1796 in
1562 1753 1639 1808 iis,
1679 1769 1782 1811 quae
1812 1761 2037 1810 sequuntur
2066 1755 2190 1797 obuia
2219 1762 2295 1797 est.
2353 1756 2487 1799 Primi

300 1839 432 1876 autem
464 1832 710 1875 correctoris
739 1847 898 1875 manum
926 1847 952 1875 a
979 1831 1159 1876 secundo
1189 1847 1277 1876 cum
1305 1833 1472 1875 omnino
1513 1840 1595 1875 tum
1624 1847 1651 1875 a
1686 1832 1826 1889 quinto
1868 1834 2044 1876 maxime
2085 1834 2356 1890 quaternione
2399 1849 2486 1878 non

299 1912 445 1969 ubique
483 1916 550 1954 sat
588 1918 702 1954 certo
740 1911 939 1969 distingui
976 1926 1102 1969 posse
1138 1910 1369 1954 addendum
1409 1926 1503 1955 esse
1544 1910 1678 1954 uideo.
1746 1911 1901 1960 Quibus
1950 1912 2057 1954 locis
2097 1912 2193 1969 qnid
2237 1916 2482 1968 ,corrector‘

298 1990 510 2048 scripserit
537 1989 603 2032 uel
633 1988 727 2047 quid
756 1990 1014 2044 ,correctum‘
1042 1972 1098 2033 sit
1125 1990 1278 2033 notaui.
1337 1989 1440 2034 Uter
1468 1989 1641 2048 denique
1682 1996 1960 2033 correctorum
2000 1990 2165 2034 illorum
2204 1998 2249 2034 et
2286 1991 2479 2048 lineolae,

300 2068 441 2126 quibus
470 2081 572 2125 quae
602 2068 727 2136 uerba
757 2067 933 2112 delenda
959 2068 1045 2112 sint
1069 2068 1344 2127 significatum
1373 2073 1461 2124 est,
1503 2067 1745 2113 subduxerit
1785 2075 1826 2112 et
1866 2068 2093 2112 lemmatum
2134 2070 2240 2114 fines
2277 2071 2488 2132 interpun-

298 2147 427 2206 gendi
455 2147 588 2206 signis
617 2147 788 2191 adiectis
817 2147 1061 2190 indicauerit
1089 2153 1133 2191 et
1161 2148 1287 2190 uerba
1315 2161 1442 2207 praue
1473 2146 1695 2192 dissociata
1715 2149 1954 2191 sociauerit:
1987 2148 2028 2192 id
2050 2163 2114 2192 me
2140 2148 2378 2194 discernere
2401 2166 2487 2196 nou

299 2226 486 2287 potuisse
525 2241 642 2271 nemo
684 2241 769 2270 non
808 2227 1040 2285 intelleget.
1082 2227 1336 2284 Quanquam
1373 2242 1475 2285 quae
1515 2228 1684 2272 lineolis
1725 2235 1767 2271 et
1805 2242 1928 2287 supra
1968 2237 2010 2270 et
2048 2229 2162 2272 infra
2200 2230 2331 2274 ductis
2373 2234 2489 2288 quasi

300 2306 456 2350 inclusa
484 2312 578 2349 sunt
606 2306 734 2368 prima
763 2321 905 2349 manus
934 2306 1147 2350 sustulisse
1189 2306 1362 2350 uidetur.
1421 2307 1537 2357 Quae
1576 2322 1659 2351 non
1689 2309 1852 2367 recepi,
1894 2322 1980 2351 cum
2017 2310 2259 2367 praesertim
2299 2318 2341 2354 et
2379 2315 2488 2358 ratio

302 2402 353 2430 ea
380 2386 589 2446 repudiari
608 2386 792 2429 iuberet.

471 2466 623 2509 Restat
654 2473 696 2507 ut
725 2465 1011 2508 Cassellauum
1042 2465 1310 2508 demonstrem
1345 2466 1515 2509 eundem
1547 2481 1639 2509 esse
1668 2480 1717 2508 ac
1745 2465 1997 2510 Fuldensem
2021 2467 2103 2524 (F)
2135 2468 2253 2512 Petri
2281 2471 2489 2519 Danielis.

299 2546 523 2607 Fuldensis
539 2545 666 2603 igitur
681 2545 906 2604 scripturas
924 2558 948 2587 e
965 2544 1188 2588 Burmanni
1202 2544 1401 2604 adparatu
1417 2554 1633 2605 excerptas
1653 2561 1741 2589 cum
1763 2545 1999 2590 Cassellani
2016 2549 2214 2591 memoria
2230 2563 2305 2609 per
2319 2552 2491 2611 primum

300 2627 444 2672 librum
474 2625 730 2685 comparabo.
788 2624 855 2668 Ac
884 2625 1052 2682 primum
1083 2623 1243 2682 quidem
1283 2624 1351 2667 ubi
1379 2625 1423 2668 in
1454 2624 1490 2668 F
1519 2631 1743 2669 correctum
1773 2626 1928 2685 aliquid
1959 2627 2025 2670 uel
2054 2631 2369 2689 superscriptum
2400 2648 2494 2678 esse

303 2711 487 2750 notatum
518 2710 595 2760 est,
626 2704 682 2748 ibi
713 2704 817 2747 etin
841 2700 877 2746 C
908 2709 1133 2747 correctum
1160 2709 1225 2748 est
1240 2702 1307 2746 uel
1326 2705 1638 2765 superscriptum
1668 2705 1834 2765 aliquid.
1866 2721 1904 2748 u.
1922 2705 1979 2750 12
2006 2707 2146 2767 Scipio
2174 2710 2374 2756 Aemilius
2398 2721 2495 2759 ante

302 2786 562 2831 Aemilianus
588 2787 632 2829 F
650 2784 791 2843 Scipio
817 2783 1075 2827 Aemilianus
1107 2783 1142 2827 G
1165 2797 1218 2826 an
1246 2786 1408 2828 litterae
1447 2797 1575 2829 rasae
1605 2791 1719 2830 sunt.
1773 2785 1855 2828 173
1891 2791 1960 2829 aut
1989 2786 2244 2833 madefactos
2271 2793 2495 2850 aspergine

303 2878 440 2921 supra
470 2864 495 2907 Ι.
525 2863 650 2907 multa
677 2866 719 2907 F
743 2869 813 2906 aut
849 2862 1100 2906 madefactos
1129 2864 1351 2922 aspergine
1382 2864 1417 2909 C
1440 2879 1465 2921 y
1493 2878 1623 2920 spscr.
1656 2864 1695 2908 .Ι.
1725 2865 1852 2908 multa
1882 2865 1966 2909 176
1997 2872 2038 2909 et
2081 2868 2119 2911 si
2161 2868 2291 2913 fortes
2332 2871 2497 2916 fueritis

303 2946 347 2988 in
388 2958 440 2988 eo
482 2957 619 3000 supra
659 2944 847 3002 quoniam
886 2956 1006 2989 nemo
1041 2945 1084 2989 F
1109 2947 1151 2986 et
1178 2944 1216 2988 si
1246 2943 1379 2988 fortes
1407 2943 1571 2988 fueritis
1602 2945 1645 2988 in
1676 2959 1727 2988 eo
1769 2945 1803 2990 C
1829 2961 1856 3003 y
1883 2959 2015 3002 spscr.
2057 2948 2245 3006 quoniam
2285 2963 2404 2994 nemo
2445 2952 2500 2996 sit

308 3038 431 3068 ausus
462 3023 687 3068 defendere
718 3024 856 3083 (quem
884 3025 1153 3069 scribendum
1174 3037 1262 3069 esse
1291 3025 1386 3068 libri
1403 3024 1666 3069 ciceroniana·
1685 3025 1852 3083 docent)
1883 3025 1970 3070 337
1998 3034 2075 3071 aut
2096 3029 2248 3071 russati
2277 3037 2356 3074 aut
2384 3034 2499 3077 rosei

2243 3098 2286 3132 1·
